<record><leader>00000cas a22000007a 4500</leader><controlfield tag="001">12164373</controlfield><controlfield tag="008">850617d1893189ualuwr ne      0    0eng d</controlfield><datafield ind1=" " ind2=" " tag="010"><subfield code="a">sn 85044745 </subfield></datafield><datafield ind1=" " ind2=" " tag="040"><subfield code="a">ABJ</subfield><subfield code="b">eng</subfield><subfield code="c">ABJ</subfield><subfield code="d">CPN</subfield><subfield code="d">OCLCQ</subfield></datafield><datafield ind1=" " ind2=" " tag="042"><subfield code="a">msc</subfield></datafield><datafield ind1="0" ind2=" " tag="130"><subfield code="a">Independent (Pratt City, Ala.)</subfield></datafield><datafield ind1="1" ind2="4" tag="245"><subfield code="a">The Independent.</subfield></datafield><datafield ind1=" " ind2=" " tag="260"><subfield code="a">Pratt City, Ala. :</subfield><subfield code="b">A.J. O'Keefe,</subfield><subfield code="c">1893-</subfield></datafield><datafield ind1=" " ind2=" " tag="300"><subfield code="a">v. :</subfield><subfield code="b">ill. ;</subfield><subfield code="c">51 cm.</subfield></datafield><datafield ind1=" " ind2=" " tag="310"><subfield code="a">Weekly</subfield></datafield><datafield ind1="0" ind2=" " tag="362"><subfield code="a">Vol. 3, no. 11 (Dec. 11, 1893)-</subfield></datafield><datafield ind1=" " ind2=" " tag="500"><subfield code="a">Editor: A.J. O'Keefe.</subfield></datafield><datafield ind1=" " ind2=" " tag="515"><subfield code="a">Numbering is irregular.</subfield></datafield><datafield ind1=" " ind2=" " tag="550"><subfield code="a">Official organ Pratt City.</subfield></datafield><datafield ind1=" " ind2=" " tag="752"><subfield code="a">United States</subfield><subfield code="b">Alabama</subfield><subfield code="c">Jefferson</subfield><subfield code="d">Pratt City.</subfield></datafield><datafield ind1="0" ind2="0" tag="780"><subfield code="t">Birmingham independent</subfield><subfield code="w">(DLC)sn 85044744</subfield></datafield><datafield ind1="0" ind2="0" tag="785"><subfield code="t">Arbitrator</subfield><subfield code="w">(DLC)sn 85044648</subfield></datafield><datafield ind1="1" ind2=" " tag="029"><subfield code="a">AU@</subfield><subfield code="b">000025829784</subfield></datafield></record>